@article{Reissner1,
	title={On one-dimensional finite-strain beam theory: The plane problem},
	author={Reissner, E.},
	journal={Zeitschrift f{\"u}r Angewandte Mathematik und Physik ZAMP},
	volume={23},
	number={5},
	pages={795--804},
	year={1972},
	publisher={Springer},
	doi={https://doi.org/10.1007/BF01602645}
}
%
@article{Simo1,
	title={A finite strain beam formulation. {The} three-dimensional dynamic 
	problem. {Part} {I}},
	author={Simo, J.C.},
	journal={Computer Methods in Applied Mechanics and Engineering},
	volume={49},
	number={1},
	pages={55--70},
	year={1985},
	publisher={Elsevier},
	doi={https://doi.org/10.1016/0045-7825(85)90050-7}
}
%
@article{Simo2,
	title={A three-dimensional finite-strain rod model. {Part} {II}: 
	Computational aspects},
	author={Simo, J.C. and Vu-Quoc, L.},
	journal={Computer Methods in Applied Mechanics and Engineering},
	volume={58},
	number={1},
	pages={79--116},
	year={1986},
	publisher={Elsevier},
	doi={https://doi.org/10.1016/0045-7825(86)90079-4}
}
%
@article{Simo3,
	title={On the dynamics of flexible beams under large overall motions--- The
	plane case: {Part} {I}},
	author={Simo, J.C. and Vu-Quoc, L.},
	journal={Journal of Applied Mechanics},
	volume={4},
	number={53},
	pages={849--854},
	year={1986},
	publisher={ASME},
	doi={https://doi.org/10.1115/1.3171870}
}
%
@article{Neuenhofer,
	title={Geometrically nonlinear flexibility-based frame finite element},
	author={Neuenhofer, Ansgar and Filippou, Filip C},
	journal={Journal of Structural Engineering},
	volume={124},
	number={6},
	pages={704--711},
	year={1998},
	publisher={American Society of Civil Engineers},
	doi={https://doi.org/10.1061/(ASCE)0733-9445(1998)124:6(704)}
}
%
@article{Schulz,
	title={Non-linear spatial Timoshenko beam element with curvature 
	interpolation},
	author={Schulz, Mauro and Filippou, Filip C},
	journal={International Journal for Numerical Methods in Engineering},
	volume={50},
	number={4},
	pages={761--785},
	year={2001},
	publisher={Wiley Online Library},
	doi={https://doi.org/10.1002/1097-0207(20010210)50:4<761::AID-NME50>3.0.CO;2-2}
}
%
@book{Cardona,
	title = {Flexible Multibody Dynamics: A Finite Element Approach},
	author = {Cardona, A. and Geradin, M.},
	year = {2001},
	language = {English},
	publisher = {John Wiley and Sons},
	address = {UK},
	doi={https://doi.org/10.1017/S0001924000012343}
}
%
@article{Hodges,
	title={Proper definition of curvature in nonlinear beam kinematics},
	author={Hodges, D.H.},
	journal={American Institute of Aeronautics and Astronautics Journal},
	volume={22},
	number={12},
	pages={1825--1827},
	year={1984},
	doi={https://doi.org/10.2514/3.8861}
}
%
@book{Luenberger,
	title = {Linear and Nonlinear Programming},
	author = {Luenberger, D.G. and Yu, Y.},
	year = {2008},
	language = {English},
	publisher = {Springer},
	address = {New York,NY},
	doi={https://doi.org/10.1007/978-0-387-74503-9}
}
%
@book{Washizu,
	title = {Variational Methods in Elasticity and Plasticity},
	author = {Washizu, K.},
	year = {1975},
	language = {English},
	publisher = {Pergamon Press},
	ISBN = {9780080176536}
}
%
@article{lucchesi,
	title={Free-energy functions for elastic-plastic material elements},
	author={Lucchesi, Massimiliano},
	journal={Quarterly of Applied Mathematics},
	volume={51},
	number={2},
	pages={299--318},
	year={1993},
	doi={https://doi.org/10.1090/qam/1218370}
}
%
@book{SimoHughes,
	title = {Computational Inelasticity},
	author = {Simo, J.C. and Hughes, T.J.R},
	year = {1998},
	language = {English},
	publisher = {Springer},
	address = {New York,NY},
	doi={https://doi.org/10.1007/b98904}
}
%
@article{Andriotis,
	title={Nonlinear programming hybrid beam-column element formulation for 
	large-displacement elastic and inelastic analysis},
	author={Andriotis, Cas P. and Papakonstantinou, Kas G. and Koumousis, Vas 
	K.},
	journal={Journal of Engineering Mechanics},
	volume={144},
	number={10},
	pages={04018096},
	year={2018},
	publisher={American Society of Civil Engineers},
	doi={https://doi.org/10.1061/(ASCE)EM.1943-7889.0001483}
}
%
@article{Crisfield3,
	title={A fast incremental/iterative solution procedure that handles
	"snap-through"},
	author={Crisfield, M.A.},
	journal={Computers \& Structures},
	volume={13},
	number={1--3},
	pages={55--62},
	year={1981},
	publisher={Elsevier},
	doi={https://doi.org/10.1016/0045-7949(81)90108-5}
}
%
@article{Cowper,
	title={The shear coefficient in Timoshenko's beam theory},
	author={Cowper, G.R.},
	journal={Journal of Applied Mechanics},
	volume={33},
	number={2},
	pages={335--340},
	year={1966},
	publisher={American Society of Mechanical Engineers},
	doi={https://doi.org/10.1115/1.3625046}
}
%
@article{Simo1986,
	title={A return mapping algorithm for plane stress elastoplasticity},
	author={Simo, JC and Taylor, RL839299},
	journal={International Journal for Numerical Methods in Engineering},
	volume={22},
	number={3},
	pages={649--670},
	DOI={https://doi.org/10.1002/nme.1620220310},
	year={1986},
	publisher={Wiley Online Library}
}
%
@article{Simo1985,
	title={Consistent tangent operators for rate-independent elastoplasticity},
	author={Simo, Juan C and Taylor, Robert Leroy},
	journal={Computer methods in applied mechanics and engineering},
	volume={48},
	number={1},
	DOI={https://doi.org/10.1016/0045-7825(85)90070-2},
	pages={101--118},
	year={1985},
	publisher={Elsevier}
}
%
@article{Papachristidis2010,
	title={A 3D fibre beam-column element with shear modelling for the 
	inelastic analysis of steel structures},
	author={Papachristidis, Aristidis and Fragiadakis, Michalis and 
	Papadrakakis, Manolis},
	journal={Computational Mechanics},
	volume={45},
	number={6},
	pages={553--572},
	year={2010},
	publisher={Springer}
}
%
@article{Saritas2009,
	title={Frame element for metallic shear-yielding members under cyclic 
	loading},
	author={Saritas, Afsin and Filippou, Filip C},
	journal={Journal of Structural Engineering},
	volume={135},
	number={9},
	pages={1115--1123},
	year={2009},
	publisher={American Society of Civil Engineers}
}
%
@article{Ceresa2009,
	title={A fibre flexure--shear model for seismic analysis of RC-framed 
	structures},
	author={Ceresa, Paola and Petrini, Lorenza and Pinho, Rui and Sousa, 
	Romain},
	journal={Earthquake Engineering \& Structural Dynamics},
	volume={38},
	number={5},
	pages={565--586},
	year={2009},
	publisher={Wiley Online Library}
}
%
@article{Gregori2007,
	title={A 3D numerical model for reinforced and prestressed concrete 
	elements subjected to combined axial, bending, shear and torsion loading},
	author={Gregori, J Navarro and Sosa, P Miguel and Prada, MA Fern{\'a}ndez 
	and Filippou, Filip C},
	journal={Engineering Structures},
	volume={29},
	number={12},
	pages={3404--3419},
	year={2007},
	publisher={Elsevier}
}
%
@article{Kagermanov2017,
	title={Fiber-section model with an exact shear strain profile for 
	two-dimensional RC frame structures},
	author={Kagermanov, Alexander and Ceresa, Paola},
	journal={Journal of Structural Engineering},
	volume={143},
	number={10},
	pages={04017132},
	year={2017},
	publisher={American Society of Civil Engineers}
}
%
@book{Simo2006,
	title={Computational inelasticity},
	author={Simo, Juan C and Hughes, Thomas JR},
	volume={7},
	year={2006},
	publisher={Springer Science \& Business Media}
}
%
@techreport{Wilkins1963,
	title={Calculation of elastic-plastic flow},
	author={Wilkins, Mark L},
	year={1963},
	institution={California Univ Livermore Radiation Lab}
}
%
@article{DeAngelis2015,
	title={An efficient return mapping algorithm for elastoplasticity with 
	exact closed form solution of the local constitutive problem},
	author={De Angelis, Fabio and Taylor, Robert L},
	journal={Engineering Computations},
	year={2015},
	volume={32},
	number={8},
	DOI={https://doi.org/10.1108/EC-06-2014-0138},
	publisher={Emerald Group Publishing Limited}
}
%
@article{Clausen2006,
	title={Efficient return algorithms for associated plasticity with multiple 
	yield planes},
	author={Clausen, Johan and Damkilde, Lars and Andersen, Lars},
	journal={International Journal for Numerical Methods in Engineering},
	volume={66},
	number={6},
	DOI={https://doi.org/10.1002/nme.1595},
	pages={1036--1059},
	year={2006},
	publisher={Wiley Online Library}
}
%
@article{Hopperstad1995,
	title={A return mapping algorithm for a class of cyclic plasticity models},
	author={Hopperstad, OS and Remseth, S},
	journal={International Journal for Numerical Methods in Engineering},
	volume={38},
	DOI={https://doi.org/10.1002/nme.1620380404},
	number={4},
	pages={549--564},
	year={1995},
	publisher={Wiley Online Library}
}
%
@article{Scherzinger2017,
	title={A return mapping algorithm for isotropic and anisotropic plasticity 
	models using a line search method},
	author={Scherzinger, William M},
	journal={Computer Methods in Applied Mechanics and Engineering},
	volume={317},
	DOI={https://doi.org/10.1016/j.cma.2016.11.026},
	pages={526--553},
	year={2017},
	publisher={Elsevier}
}
%
@article{Hartloper2021,
	title={Constitutive modeling of structural steels: nonlinear 
	isotropic/kinematic hardening material model and its calibration},
	author={Hartloper, Alexander R and de Castro e Sousa, Albano and Lignos, 
	Dimitrios G},
	journal={Journal of Structural Engineering},
	volume={147},
	DOI={https://doi.org/10.1061/(ASCE)ST.1943-541X.0002964},
	number={4},
	pages={04021031},
	year={2021},
	publisher={American Society of Civil Engineers}
}
%
@article{Dodds1987,
	title={Numerical techniques for plasticity computations in finite element 
	analysis},
	author={Dodds Jr, Robert H},
	journal={Computers \& Structures},
	volume={26},
	number={5},
	pages={767--779},
	year={1987},
	publisher={Elsevier}
}
%
@article{Ortiz1985,
	title={Accuracy and stability of integration algorithms for elastoplastic 
	constitutive relations},
	author={Ortiz, M and Popov, Egor Paul},
	journal={International journal for numerical methods in engineering},
	volume={21},
	number={9},
	DOI={https://doi.org/10.1002/nme.1620210902},
	pages={1561--1576},
	year={1985},
	publisher={Wiley Online Library}
}